<<<<<<< HEAD
<<<<<<< HEAD
@article{lopez2017spatial,
  title={Spatial spillovers in public expenditure on a municipal level in Spain},
  author={L{\'o}pez, Fernando A and Martinez, Pedro J and Cegarra, Juan-Gabriel},
  journal={The Annals of Regional Science},
  volume={58},
  number={1},
  pages={39--65},
  year={2017},
  publisher={Springer}
}

@article{fingleton2007multi,
  title={A multi-equation spatial econometric model, with application to EU manufacturing productivity growth},
  author={Fingleton, Bernard},
  journal={Journal of Geographical Systems},
  volume={9},
  number={2},
  pages={119--144},
  year={2007},
  publisher={Springer}
}

@book{greene2003,
  title={Econometric analysis},
  author={Greene, William H},
  year={2003},
  publisher={Pearson Education India}
}

@article{lauridsen2010,
  title={A spatiotemporal analysis of public pharmaceutical expenditure},
  author={Lauridsen, Jorgen and Bech, Mickael and L{\'o}pez, Fernando and Mat{\'e}, Mariluz},
  journal={The Annals of Regional Science},
  volume={44},
  number={2},
  pages={299--314},
  year={2010},
  publisher={Springer}
}

@article{legallo2006,
  title={Evaluating the temporal and spatial heterogeneity of the European convergence process, 1980--1999},
  author={Le Gallo, Julie and Dall’Erba, Sandy},
  journal={Journal of Regional Science},
  volume={46},
  number={2},
  pages={269--288},
  year={2006},
  publisher={Wiley Online Library}
}

@article{rey1999,
  title={US regional income convergence: a spatial econometric perspective},
  author={Rey, Sergio J and Montouri, Brett D},
  journal={Regional studies},
  volume={33},
  number={2},
  pages={143--156},
  year={1999},
  publisher={Taylor \& Francis Group}
}

@article{zellner1962,
  title={An efficient method of estimating seemingly unrelated regressions and tests for aggregation bias},
  author={Zellner, Arnold},
  journal={Journal of the American statistical Association},
  volume={57},
  number={298},
  pages={348--368},
  year={1962},
  publisher={Taylor \& Francis}
}
=======
>>>>>>> 6e7d20eeef90bba9a80fbbd6ebf8ae077b1ef52a
=======
>>>>>>> f448d32e3b23eaeeae8d724e650eecd0819fef40

@Manual{Allaire2020,
    title = {rticles: Article Formats for R Markdown},
    author = {JJ Allaire and Yihui Xie and {R Foundation} and Hadley Wickham and {Journal of Statistical Software} and Ramnath  Vaidyanathan and {Association for Computing Machinery} and Carl Boettiger and {Elsevier} and Karl Broman and Kirill Mueller and Bastiaan Quast and Randall  Pruim and Ben Marwick and Charlotte Wickham and Oliver Keyes and Miao Yu and Daniel Emaasit and Thierry Onkelinx and Alessandro Gasparini and Marc-Andre Desautels and Dominik Leutnant and {MDPI} and {Taylor and Francis} and Oguzhan Ögreden and Dalton Hance and Daniel Nüst and Petter Uvesten and Elio Campitelli and John Muschelli and Zhian N. Kamvar and Noam Ross and Robrecht Cannoodt and Duncan Luguern and David M. Kaplan},
    year = {2020},
    note = {R package version 0.14},
    url = {https://CRAN.R-project.org/package=rticles},
  }
  
@Manual{Angulo2020spsur,
    title = {spsur: Spatial Seemingly Unrelated Regression Models},
    author = {Ana Angulo and Fernando A Lopez and Roman Minguez and Jesus Mur},
    year = {2020},
    note = {R package version 1.0.1.3},
    url = {http://github.com/rominsal/spsur},
  }
  
@Book{Anselin1988spatial,
  title     = {Spatial econometrics: methods and models},
  publisher = {Kluwer Academic Publishers},
  year      = {1988},
  author    = {Luc Anselin},
  number    = {},
  series    = {Studies in operational regional science},
  address   = {Dordrecht},
  isbn      = {9024737354},
  note      = {},
  pagetotal = {XVI, 284},
  ppn_gvk   = {025177060},
}

@TechReport{Anselin2016estimation,
  author      = {Luc Anselin},
  title       = {Estimation and Testing in the Spatial Seemingly Unrelated Regression (SUR)},
  institution = {Geoda Center for Geospatial Analysis and Computation, Arizona State University. Working Paper 2016-01},
  year        = {2016},
}

@article{Araujo2020spread,
   author = {Araujo, Miguel B and Naimi, Babak},
   title = {Spread of SARS-CoV-2 Coronavirus likely to be constrained by climate},
   journal = {medRxiv},
   year = {2020},
   type = {Journal Article}
}

@Manual{Arnold2019,
    title = {ggthemes: Extra Themes, Scales and Geoms for 'ggplot2'},
    author = {Jeffrey B. Arnold},
    year = {2019},
    note = {R package version 4.2.0},
    url = {https://CRAN.R-project.org/package=ggthemes},
  }
  
@Manual{Auguie2017gridextra,
    title = {gridExtra: Miscellaneous Functions for "Grid" Graphics},
    author = {Baptiste Auguie},
    year = {2017},
    note = {R package version 2.3},
    url = {https://CRAN.R-project.org/package=gridExtra},
  }


@article{Bariotakis2020climatic,
   author = {Bariotakis, Michail and Sourvinos, George and Castanas, Elias and Pirintsos, Stergios A},
   title = {Climatic influences on the worldwide spread of SARS-CoV-2},
   journal = {medRxiv},
   year = {2020},
   type = {Journal Article}
}

@Book{Bivand2013,
    author = {Roger S. Bivand and Edzer Pebesma and Virgilio Gomez-Rubio},
    title = {Applied spatial data analysis with {R}, Second edition},
    year = {2013},
    publisher = {Springer, NY},
    url = {http://www.asdar-book.org/},
  }
  
@article{Cao2010spatio,
   author = {Cao, ZhiDong and Zeng, DaJun and Zheng, XiaoLong and Wang, QuanYi and Wang, FeiYue and Wang, JinFeng and Wang, XiaoLi},
   title = {Spatio-temporal evolution of Beijing 2003 SARS epidemic},
   journal = {Science China Earth Sciences},
   volume = {53},
   number = {7},
   pages = {1017-1028},
   ISSN = {1869-1897},
   DOI = {10.1007/s11430-010-0043-x},
   url = {https://doi.org/10.1007/s11430-010-0043-x},
   year = {2010},
   type = {Journal Article}
}



@article{Casanova2010effects,
   author = {Casanova, Lisa M and Jeon, Soyoung and Rutala, William A and Weber, David J and Sobsey, Mark D},
   title = {Effects of air temperature and relative humidity on coronavirus survival on surfaces},
   journal = {Appl. Environ. Microbiol.},
   volume = {76},
   number = {9},
   pages = {2712-2717},
   ISSN = {0099-2240},
   year = {2010},
   type = {Journal Article}
}

@article{Chan2011effects,
   author = {Chan, KH and Peiris, JS and Lam, SY and Poon, LLM and Yuen, KY and Seto, WH},
   title = {The effects of temperature and relative humidity on the viability of the SARS coronavirus},
   journal = {Advances in virology},
   volume = {2011},
   ISSN = {1687-8639},
   year = {2011},
   type = {Journal Article}
}

@article{Chipperfield2020inadequacy,
   author = {Chipperfield, Joseph D and Benito, Blas M and O'Hara, Robert B and Telford, Richard J and Carlson, Colin J},
   title = {On the inadequacy of species distribution models for modelling the spread of SARS-CoV-2: response to Araújo and Naimi},
   year = {2020},
   type = {Journal Article}
}

@inbook{Cliff1998detecting,
   author = {Cliff, AD and Haggett, Peter and Smallman-Raynor, MR},
   title = {Detecting space—time patterns in geocoded disease data. Cholera in London, 1854 measles in the United States, 1962–95},
   booktitle = {Geomed’97},
   publisher = {Springer},
   pages = {13-42},
   year = {1998},
   type = {Book Section}
}



@article{Coelho2020exponential,
   author = {Coelho, Marco Tulio Pacheco and Rodrigues, Joao Fabricio Mota and Medina, Anderson Matos and Scalco, Paulo and Terribile, Levi Carina and Vilela, Bruno and Diniz-Filho, Jose Alexandre Felizola and Dobrovolski, Ricardo},
   title = {Exponential phase of covid19 expansion is not driven by climate at global scale},
   journal = {medRxiv},
   year = {2020},
   type = {Journal Article}
}

@article{deangel2020weathering,
   author = {de Ángel Solá, David E and Wang, Leyao and Vázquez, Marietta and Lázaro, Pablo A Méndez},
   title = {Weathering the pandemic: How the Caribbean Basin can use viral and environmental patterns to predict, prepare and respond to COVID‐19},
   journal = {Journal of Medical Virology},
   ISSN = {1096-9071},
   year = {2020},
   type = {Journal Article}
}

@article{Desjardins2020rapid,
   author = {Desjardins, MR and Hohl, A and Delmelle, EM},
   title = {Rapid surveillance of COVID-19 in the United States using a prospective space-time scan statistic: Detecting and evaluating emerging clusters},
   journal = {Applied Geography},
   pages = {102202},
   ISSN = {0143-6228},
   year = {2020},
   type = {Journal Article}
}



@article{Fernandes2020economic,
   author = {Fernandes, Nuno},
   title = {Economic effects of coronavirus outbreak (COVID-19) on the world economy},
   journal = {Available at SSRN 3557504},
   year = {2020},
   type = {Journal Article}
}

@article{Gong2020balance,
   author = {Gong, Binlei and Zhang, Shurui and Yuan, Lingran and Chen, Kevin Z},
   title = {A balance act: minimizing economic loss while controlling novel coronavirus pneumonia},
   journal = {Journal of Chinese Governance},
   pages = {1-20},
   ISSN = {2381-2346},
   year = {2020},
   type = {Journal Article}
}

@book{Greene2003econometric,
  title={Econometric analysis},
  author={Greene, William H},
  year={2003},
  publisher={Pearson Education India}
}

@Article{Grolemund2011dates,
    title = {Dates and Times Made Easy with {lubridate}},
    author = {Garrett Grolemund and Hadley Wickham},
    journal = {Journal of Statistical Software},
    year = {2011},
    volume = {40},
    number = {3},
    pages = {1--25},
    url = {http://www.jstatsoft.org/v40/i03/},
  }

@article{Harbert2020spatial,
   author = {Harbert, Robert S and Cunningham, Seth W and Tessler, Michael},
   title = {Spatial modeling cannot currently differentiate SARS-CoV-2 coronavirus and human distributions on the basis of climate in the United States},
   journal = {medRxiv},
   year = {2020},
   type = {Journal Article}
}

@article{Jaakkola2014decline,
   author = {Jaakkola, Kari and Saukkoriipi, Annika and Jokelainen, Jari and Juvonen, Raija and Kauppila, Jaana and Vainio, Olli and Ziegler, Thedi and Rönkkö, Esa and Jaakkola, Jouni JK and Ikäheimo, Tiina M},
   title = {Decline in temperature and humidity increases the occurrence of influenza in cold climate},
   journal = {Environmental Health},
   volume = {13},
   number = {1},
   pages = {22},
   ISSN = {1476-069X},
   year = {2014},
   type = {Journal Article}
}

@article{Kissler2020projecting,
   author = {Kissler, Stephen M. and Tedijanto, Christine and Goldstein, Edward and Grad, Yonatan H. and Lipsitch, Marc},
   title = {Projecting the transmission dynamics of SARS-CoV-2 through the postpandemic period},
   journal = {Science},
   pages = {eabb5793},
   DOI = {10.1126/science.abb5793},
   url = {https://science.sciencemag.org/content/sci/early/2020/04/14/science.abb5793.full.pdf},
   year = {2020},
   type = {Journal Article}
}

@article{Kudo2019low,
   author = {Kudo, Eriko and Song, Eric and Yockey, Laura J and Rakib, Tasfia and Wong, Patrick W and Homer, Robert J and Iwasaki, Akiko},
   title = {Low ambient humidity impairs barrier function and innate resistance against influenza infection},
   journal = {Proceedings of the National Academy of Sciences},
   volume = {116},
   number = {22},
   pages = {10905-10910},
   ISSN = {0027-8424},
   year = {2019},
   type = {Journal Article}
}

@article{Lancastle2020impact,
   author = {Lancastle, Neil M},
   title = {Is the impact of social distancing on coronavirus growth rates effective across different settings? A non-parametric and local regression approach to test and compare the growth rate},
   journal = {medRxiv},
   year = {2020},
   type = {Journal Article}
}

<<<<<<< HEAD
=======
@article{Lauer2020incubation,
   author = {Lauer, Stephen A. and Grantz, Kyra H. and Bi, Qifang and Jones, Forrest K. and Zheng, Qulu and Meredith, Hannah R. and Azman, Andrew S. and Reich, Nicholas G. and Lessler, Justin},
   title = {The Incubation Period of Coronavirus Disease 2019 (COVID-19) From Publicly Reported Confirmed Cases: Estimation and Application},
   journal = {Annals of Internal Medicine},
   ISSN = {0003-4819},
   DOI = {10.7326/m20-0504},
   url = {https://doi.org/10.7326/M20-0504},
   year = {2020},
   type = {Journal Article}
}



>>>>>>> f448d32e3b23eaeeae8d724e650eecd0819fef40
@article{Lauridsen2010spatiotemporal,
  title={A spatiotemporal analysis of public pharmaceutical expenditure},
  author={Lauridsen, Jorgen and Bech, Mickael and L{\'o}pez, Fernando and Mat{\'e}, Mariluz},
  journal={The Annals of Regional Science},
  volume={44},
  number={2},
  pages={299--314},
  year={2010},
  publisher={Springer}
}

@article{Legallo2006evaluating,
  title={Evaluating the temporal and spatial heterogeneity of the European convergence process, 1980--1999},
  author={Le Gallo, Julie and Dall’Erba, Sandy},
  journal={Journal of Regional Science},
  volume={46},
  number={2},
  pages={269--288},
  year={2006},
  publisher={Wiley Online Library}
}

@Article{Lopez2014spatial,
  author    = {L{\'o}pez, Fernando A and Mur, Jes{\'u}s and Angulo, Ana},
  title     = {Spatial model selection strategies in a SUR framework. The case of regional productivity in EU},
  journal   = {The Annals of Regional Science},
  year      = {2014},
  volume    = {53},
  number    = {1},
  pages     = {197--220},
  publisher = {Springer},
}

@article{Lopez2017spatial,
  title={Spatial spillovers in public expenditure on a municipal level in Spain},
  author={L{\'o}pez, Fernando A and Mart{\'i}nez-Ortiz, Pedro J and Cegarra-Navarro, Juan-Gabriel},
  journal={The Annals of Regional Science},
  volume={58},
  number={1},
  pages={39--65},
  year={2017},
  publisher={Springer}
}

@article{Luo2020how,
   author = {Luo, Shaowen and Tsang, Kwok Ping},
   title = {How Much of China and World GDP Has The Coronavirus Reduced?},
   journal = {Available at SSRN 3543760},
   year = {2020},
   type = {Journal Article}
}

@article{Makinen2009cold,
   author = {Mäkainen, Tiina M and Juvonen, Raija and Jokelainen, Jari and Harju, Terttu H and Peitso, Ari and Bloigu, Aini and Silvennoinen-Kassinen, Sylvi and Leinonen, Maija and Hassi, Juhani},
   title = {Cold temperature and low humidity are associated with increased occurrence of respiratory tract infections},
   journal = {Respiratory medicine},
   volume = {103},
   number = {3},
   pages = {456-462},
   ISSN = {0954-6111},
   year = {2009},
   type = {Journal Article}
}

@article{Meijers2008strategic,
   author = {Meijers, Evert and Hoekstra, Joris and Aguado, Ricardo},
   title = {Strategic Planning for City Networks: The Emergence of a Basque Global City?},
   journal = {International Planning Studies},
   volume = {13},
   number = {3},
   pages = {239-259},
   ISSN = {1356-3475},
   DOI = {10.1080/13563470802521440},
   url = {https://doi.org/10.1080/13563470802521440},
   year = {2008},
   type = {Journal Article}
}

@article{Meng2005understanding,
   author = {Meng, B. and Wang, J. and Liu, J. and Wu, J. and Zhong, E.},
   title = {Understanding the spatial diffusion process of severe acute respiratory syndrome in Beijing},
   journal = {Public Health},
   volume = {119},
   number = {12},
   pages = {1080-1087},
   ISSN = {0033-3506},
   DOI = {https://doi.org/10.1016/j.puhe.2005.02.003},
   url = {http://www.sciencedirect.com/science/article/pii/S0033350605000818},
   year = {2005},
   type = {Journal Article}
}



@Article{Millo2017robust,
    title = {Robust Standard Error Estimators for Panel Models: A Unifying Approach},
    author = {Giovanni Millo},
    journal = {Journal of Statistical Software},
    year = {2017},
    volume = {82},
    number = {3},
    pages = {1--27},
    doi = {10.18637/jss.v082.i03},
  }

@Article{Minguez2019,
  author  = {M{\'i}nguez, Roman and L{\'o}pez, Fernando and Mur, Jes{\'u}s},
  title   = {ML versus IV estimates of spatial SUR models: evidence from the case of Airbnb in Madrid urban area},
  journal = {The Annals of Regional Science},
  year    = {2019},
  pages   = {1-35},
}

@book{National2020rapid,
   author = {{National Academies of Sciences, Engineering and Medicine}},
   title = {Rapid Expert Consultation on SARS-CoV-2 Survival in Relation to Temperature and Humidity and Potential for Seasonality for the COVID-19 Pandemic (April 7, 2020)},
   publisher = {The National Academies Press},
   address = {Washington, DC},
   pages = {8},
   DOI = {doi:10.17226/25771},
   url = {https://www.nap.edu/catalog/25771/rapid-expert-consultation-on-sars-cov-2-survival-in-relation-to-temperature-and-humidity-and-potential-for-seasonality-for-the-covid-19-pandemic-april-7-2020},
   year = {2020},
   type = {Book}
}

@article{Notari2020,
   author = {Notari, Alessio},
   title = {Temperature dependence of COVID-19 transmission},
   journal = {arXiv preprint arXiv:2003.12417},
   year = {2020},
   type = {Journal Article}
}

@Article{Pebesma2016,
    title = {Measurement Units in {R}},
    author = {Edzer Pebesma and Thomas Mailund and James Hiebert},
    year = {2016},
    journal = {R Journal},
    doi = {10.32614/RJ-2016-061},
    pages = {486--494},
    volume = {8},
    number = {2},
  }

@Article{Pebesma2018,
    author = {Edzer Pebesma},
    title = {{Simple Features for R: Standardized Support for Spatial Vector Data}},
    year = {2018},
    journal = {{The R Journal}},
    doi = {10.32614/RJ-2018-009},
    url = {https://doi.org/10.32614/RJ-2018-009},
    pages = {439--446},
    volume = {10},
    number = {1},
  }
  
@article{Rey1999us,
  title={US regional income convergence: a spatial econometric perspective},
  author={Rey, Sergio J and Montouri, Brett D},
  journal={Regional studies},
  volume={33},
  number={2},
  pages={143--156},
  year={1999},
  publisher={Taylor \& Francis Group}
}
  

@article{Wang2020high,
   author = {Wang, Jingyuan and Tang, Ke and Feng, Kai and Lv, Weifeng},
   title = {High temperature and high humidity reduce the transmission of covid-19},
   journal = {Available at SSRN 3551767},
   year = {2020},
   type = {Journal Article}
}

@Article{Wickham2019,
    title = {Welcome to the {tidyverse}},
    author = {Hadley Wickham and Mara Averick and Jennifer Bryan and Winston Chang and Lucy D'Agostino McGowan and Romain François and Garrett Grolemund and Alex Hayes and Lionel Henry and Jim Hester and Max Kuhn and Thomas Lin Pedersen and Evan Miller and Stephan Milton Bache and Kirill Müller and Jeroen Ooms and David Robinson and Dana Paige Seidel and Vitalie Spinu and Kohske Takahashi and Davis Vaughan and Claus Wilke and Kara Woo and Hiroaki Yutani},
    year = {2019},
    journal = {Journal of Open Source Software},
    volume = {4},
    number = {43},
    pages = {1686},
    doi = {10.21105/joss.01686},
  }

@InCollection{Xie2014,
    booktitle = {Implementing Reproducible Computational Research},
    editor = {Victoria Stodden and Friedrich Leisch and Roger D. Peng},
    title = {knitr: A Comprehensive Tool for Reproducible Research in {R}},
    author = {Yihui Xie},
    publisher = {Chapman and Hall/CRC},
    year = {2014},
    note = {ISBN 978-1466561595},
    url = {http://www.crcpress.com/product/isbn/9781466561595},
  }

@Book{Xie2015,
    title = {Dynamic Documents with {R} and knitr},
    author = {Yihui Xie},
    publisher = {Chapman and Hall/CRC},
    address = {Boca Raton, Florida},
    year = {2015},
    edition = {2nd},
    note = {ISBN 978-1498716963},
    url = {https://yihui.org/knitr/},
  }

@article{Zellner1962efficient,
  title={An efficient method of estimating seemingly unrelated regressions and tests for aggregation bias},
  author={Zellner, Arnold},
  journal={Journal of the American statistical Association},
  volume={57},
  number={298},
  pages={348--368},
  year={1962},
  publisher={Taylor \& Francis}
}

@Manual{Zhu2019,
    title = {kableExtra: Construct Complex Table with 'kable' and Pipe Syntax},
    author = {Hao Zhu},
    year = {2019},
    note = {R package version 1.1.0},
    url = {https://CRAN.R-project.org/package=kableExtra},
}